<?xml version="1.0" encoding="UTF-8"?><collection xmlns="http://www.loc.gov/MARC21/slim"><record><leader>00463nam--2200145-i-4500</leader><controlfield tag="001">000042352</controlfield><controlfield tag="002">20161230</controlfield><controlfield tag="005">20161230201043</controlfield><controlfield tag="008">060222s1000------------r-----000-0-eng-d</controlfield><datafield ind1=" " ind2=" " tag="080"><subfield code="a">546.841:661.884.1</subfield></datafield><datafield ind1=" " ind2=" " tag="100"><subfield code="a">Sozanski,Adam</subfield></datafield><datafield ind1=" " ind2=" " tag="245"><subfield code="a">Industrial method for separation of thorium from rare earth element</subfield></datafield><datafield ind1=" " ind2=" " tag="260"><subfield code="a">Wriclaw, Wydawnictwo Politechniki Wroclawskiej, 1981. 104 P</subfield></datafield><datafield ind1=" " ind2=" " tag="490"><subfield code="a">Prace Naukove Inst.Chemii Nieorganicznej Metalurgii</subfield></datafield><datafield ind1=" " ind2=" " tag="852"><subfield code="a">71894</subfield></datafield></record></collection>